@misc{freire2017pinochet-victims-data,
  title={{Deaths and Disappearances in the Pinochet Regime: A New Dataset}},
  howpublished = {\url{http://osf.io/8tmhe}},
  publisher={Open Science Framework},
  author={Freire, Danilo and Meadowcroft, John and Skarbek, David and Guerrero, Eugenia},
  year={2017},
  month={September}
}

@article{rozenas2017political,
  title={{The Political Legacy of Violence: The Long-Term Impact of Stalin's Repression in Ukraine}},
  author={Rozenas, Arturas and Schutte, Sebastian and Zhukov, Yuri},
  journal={The Journal of Politics},
  volume={79},
  number={4},
  pages={1147--1161},
  year={2017},
  publisher={University of Chicago Press Chicago, IL}
}

@article{zhukov2018stalin,
  title={{Stalin's Terror and the Long-Term olitical Effects of Mass Repression}},
  author={Zhukov, Yuri M and Talibova, Roya},
  journal={Journal of Peace Research},
  volume={55},
  number={2},
  pages={267--283},
  year={2018},
  publisher={SAGE Publications Sage UK: London, England}
}

@article{fjelde2010generals,
  title={{Generals, Dictators, and Kings: Authoritarian Regimes and Civil Conflict, 1973--2004}},
  author={Fjelde, Hanne},
  journal={Conflict Management and Peace Science},
  volume={27},
  number={3},
  pages={195--218},
  year={2010},
  publisher={Sage Publications Sage UK: London, England}
}

@article{rivera2017authoritarian,
  title={{Authoritarian Institutions and State Repression: The Divergent Effects of Legislatures and Opposition Parties on Personal Integrity Rights}},
  author={Rivera, Mauricio},
  journal={Journal of Conflict Resolution},
  volume={61},
  number={10},
  pages={2183--2207},
  year={2017},
  publisher={SAGE Publications Sage CA: Los Angeles, CA}
}

@article{gandhi2007authoritarian,
  title={{Authoritarian Institutions and the Survival of Autocrats}},
  author={Gandhi, Jennifer and Przeworski, Adam},
  journal={Comparative Political Studies},
  volume={40},
  number={11},
  pages={1279--1301},
  year={2007},
  publisher={Sage Publications Sage CA: Los Angeles, CA}
}

@article{de2010leader,
  title={{Leader Survival, Revolutions, and the Nature of Government Finance}},
  author={De Mesquita, Bruce Bueno and Smith, Alastair},
  journal={American Journal of Political Science},
  volume={54},
  number={4},
  pages={936--950},
  year={2010},
  publisher={Wiley Online Library}
}

@article{lupu2017legacy,
  title={{The Legacy of Political Violence across Generations}},
  author={Lupu, Noam and Peisakhin, Leonid},
  journal={American Journal of Political Science},
  volume={61},
  number={4},
  pages={836--851},
  year={2017},
  publisher={Wiley Online Library}
}

@Manual{rstats2017,
    title = {R: A Language and Environment for Statistical Computing},
    author = {{R Core Team}},
    organization = {R Foundation for Statistical Computing},
    address = {Vienna, Austria},
    year = {2017},
    url = {https://www.R-project.org/},
  }

@article{silva1991technocrats,
  title={{Technocrats and Politics in Chile: from the Chicago Boys to the CIEPLAN Monks}},
  author={Silva, Patricio},
  journal={Journal of Latin American Studies},
  volume={23},
  number={2},
  pages={385--410},
  year={1991},
  publisher={Cambridge University Press}
}

@book{valdes1995pinochet,
  title={{Pinochet's Economists: The Chicago School of Economics in Chile}},
  author={Vald{\'e}s, Juan Gabriel},
  year={1995},
  publisher={Cambridge: Cambridge University Press}
}

@article{farrant2012preventing,
  title={{Preventing the ``Abuses'' of Democracy: Hayek, the ``Military Usurper'' and Transitional Dictatorship in Chile?}},
  author={Farrant, Andrew and McPhail, Edward and Berger, Sebastian},
  journal={American Journal of Economics and Sociology},
  volume={71},
  number={3},
  pages={513--538},
  year={2012},
  publisher={Wiley Online Library}
}

@article{meadowcroft2014hayek,
  title={{Hayek, Friedman, and Buchanan: On Public life, Chile, and the Relationship between Liberty and Democracy}},
  author={Meadowcroft, John and Ruger, William},
  journal={Review of Political Economy},
  volume={26},
  number={3},
  pages={358--367},
  year={2014},
  publisher={Taylor \& Francis}
}

@article{farrant2014can,
  title={{Can a Dictator Turn a Constitution into a Can-Opener? F.A. Hayek and the Alchemy of Transitional Dictatorship in Chile}},
  author={Farrant, Andrew and McPhail, Edward},
  journal={Review of Political Economy},
  volume={26},
  number={3},
  pages={331--348},
  year={2014},
  publisher={Taylor \& Francis}
}

@book{kalyvas2006logic,
  title={{The Logic of Violence in Civil War}},
  author={Kalyvas, Stathis N},
  year={2006},
  publisher={Cambridge: Cambridge University Press}
}

@article{lessing2015logics,
  title={{Logics of Violence in Criminal War}},
  author={Lessing, Benjamin},
  journal={Journal of Conflict Resolution},
  volume={59},
  number={8},
  pages={1486--1516},
  year={2015},
  publisher={SAGE Publications Sage CA: Los Angeles, CA}
}

@article{snyder2009does,
  title={{Does Illegality Breed Violence? Drug Trafficking and State-Sponsored Protection Rackets}},
  author={Snyder, Richard and Duran-Martinez, Angelica},
  journal={Crime, Law and Social Change},
  volume={52},
  number={3},
  pages={253--273},
  year={2009},
  publisher={Springer}
}

@article{balcells2010rivalry,
  title={{Rivalry and Revenge: Violence Against Civilians in Conventional Civil Wars}},
  author={Balcells, Laia},
  journal={International Studies Quarterly},
  volume={54},
  number={2},
  pages={291--313},
  year={2010},
  publisher={Blackwell Publishing Ltd Oxford, UK}
}

@article{azam2002violence,
  title={{Violence Against Civilians in Civil Wars: Looting or Terror?}},
  author={Azam, Jean-Paul and Hoeffler, Anke},
  journal={Journal of Peace Research},
  volume={39},
  number={4},
  pages={461--485},
  year={2002},
  publisher={Sage Publications London}
}

@book{rummel1997power,
  title={{Power Kills: Democracy as a Method of Nonviolence}},
  author={Rummel, Rudolph J},
  year={1997},
  publisher={New Brunswick: Transaction Publishers}
}

@article{lacina2006declining,
  title={{The Declining Risk of Death in Battle}},
  author={Lacina, Bethany and Gleditsch, Nils Petter and Russett, Bruce},
  journal={International Studies Quarterly},
  volume={50},
  number={3},
  pages={673--680},
  year={2006},
  publisher={Wiley Online Library}
}

@article{samtleben2013constitucion,
  title={{Constituci{\'o}n y Justicia Constitucional en el Per{\'u} Despu{\'e}s de Fujimori}},
  author={Samtleben, J{\"u}rgen},
  journal={Ius Et Veritas},
  volume={23},
  number={47},
  pages={44--65},
  year={2013}
}

@article{dabene1997narcodemocracias,
  title={{Las Narcodemocracias Andinas}},
  author={Dab{\'e}ne, Olivier},
  journal={Am{\'e}rica Latina Hoy},
  volume={15},
  pages={85--100},
  year={1997},
  publisher={Universidad de Salamanca}
}

@book{skidmore1990politics,
  title={{The Politics of Military Rule in Brazil, 1964-1985}},
  author={Skidmore, Thomas E},
  year={1990},
  publisher={Oxford: Oxford University Press}
}

@book{lewis2002guerrillas,
  title={{Guerrillas and Generals: The ''Dirty War'' in Argentina}},
  author={Lewis, Paul H},
  year={2002},
  publisher={Westport: Greenwood Publishing Group}
}

@book{guest1990behind,
  title={{Behind the Disappearances: Argentina's Dirty War against Human Rights and the United Nations}},
  author={Guest, Iain},
  year={1990},
  publisher={Philadelphia: University of Pennsylvania Press}
}

@book{o1986transitions,
  title={{Transitions from Authoritarian Rule: Tentative Conclusions About Uncertain Democracies}},
  author={O'Donnell, Guillermo and Schmitter, Philippe C},
  year={1986},
  publisher={Baltimore: Johns Hopkins University Press}
}

@book{gorender1987combate,
  title={{Combate nas Trevas: A Esquerda Brasileira das Ilus{\~o}es Perdidas {\'A} Luta Armada}},
  author={Gorender, Jacob},
  year={1987},
  publisher={S{\~a}o Paulo: {\'A}tica}
}

@article{grandin2005instruction,
  title={{The Instruction of Great Catastrophe: Truth Commissions, National History, and State Formation in Argentina, Chile, and Guatemala}},
  author={Grandin, Greg},
  journal={The American Historical Review},
  volume={110},
  number={1},
  pages={46--67},
  year={2005},
  publisher={JSTOR}
}

@article{collins2009human,
  title={{Human Rights Trials in Chile During and After the 'Pinochet Years'}},
  author={Collins, Cath},
  journal={International Journal of Transitional Justice},
  volume={4},
  number={1},
  pages={67--86},
  year={2009},
  publisher={Oxford University Press}
}

@book{ensalaco2000chile,
  title={{Chile under Pinochet: Recovering the Truth}},
  author={Ensalaco, Mark},
  year={2000},
  publisher={Philadelphia: University of Pennsylvania Press}
}

@article{ensalaco1994truth,
  title={{Truth Commissions for Chile and El Salvador: A Report and Assessment}},
  author={Ensalaco, Mark},
  journal={Human Rights Quarterly},
  volume={16},
  pages={656--675},
  year={1994},
  publisher={HeinOnline}
}

@article{correa1991dealing,
  title={{Dealing with Past Human Rights Violence: The Chilean Case after Dictatorship}},
  author={Correa, Jorge S},
  journal={Notre Dame Law Review},
  volume={67},
  pages={1455},
  year={1991},
  publisher={HeinOnline}
}

@article{adams2002art,
  title={{Art in Social Movements: Shantytown Women's Protest in Pinochet's Chile}},
  author={Adams, Jacqueline},
  journal={Sociological Forum},
  volume={17},
  number={1},
  pages={21--56},
  year={2002},
  organization={Springer}
}

@book{gomez2008memory,
  title={{Where Memory Dwells: Culture and State Violence in Chile}},
  author={G{\'o}mez-Barris, Macarena},
  year={2008},
  publisher={Berkeley: University of California Press}
}

@book{portales2000chile,
  title={{Chile: Una Democracia Tutelada}},
  author={Portales, Felipe},
  year={2000},
  publisher={Santiago: Editorial Sudamericana Chilena}
}

@book{angell2005elecciones,
  title={{Elecciones Presidenciales, Democracia y Partidos Pol{\'\i}ticos en el Chile Post Pinochet}},
  author={Angell, Alan},
  year={2005},
  publisher={Santiago: Pontificia Universidad Cat{\'o}lica de Chile}
}

@book{huneeus2014democracia,
  title={{La Democracia Semisoberana: Chile despu{\'e}s de Pinochet}},
  author={Huneeus, Carlos},
  year={2014},
  publisher={Santiago: Taurus}
}

@book{huneeus2007pinochet,
  title={{The Pinochet Regime}},
  author={Huneeus, Carlos and Sagaris, Lake},
  year={2007},
  publisher={Boulder: Lynne Rienner Publishers}
}

@book{huneeus2016regimen,
  title={{El R{\'e}gimen de Pinochet}},
  author={Huneeus, Carlos},
  year={2016},
  publisher={Santiago: Taurus}
}

@article{paredes2004operacion,
  title={{La Operaci{\'o}n C{\'o}ndor y la Guerra Fr{\'\i}a}},
  author={Paredes, Alejandro},
  journal={Universum (Talca)},
  volume={19},
  number={1},
  pages={122--137},
  year={2004},
  publisher={SciELO Chile}
}

@book{ferrara2014assessing,
  title={{Assessing the Long-term Impact of Truth Commissions: The Chilean Truth and Reconciliation Commission in Historical Perspective}},
  author={Ferrara, Anita},
  year={2014},
  publisher={London: Routledge}
}

@misc{esberg2018audience,
    title={{The Audience of Repression:  Killings and Disappearances in Pinochet's Chile}},
    year={2018},
    pages={1--69},
    author={Esberg, Jane},
	howpublished={\url{https://www.janeesberg.com/research.html}} 
}

@misc{esberg2018antecipating,
    title={{Anticipating Dissent: The Repression of Politicians in Pinochet's Chile}},
    year={2018},
    pages={1--46},
    author={Esberg, Jane},
	howpublished={\url{https://www.janeesberg.com/research.html}} 
}

@TechReport{report1991,
    title = {{Report on the Chilean National Commission on Truth and Reconciliation}},
    year = {1991},
    pages = {1350},
    author ={{National Commission on Truth and Reconciliation}},
    institution={Ministry General Secretariat of Government},
    editor = {Santiago: Secretariat of Communication and Culture}, 
}

@article{guzman2012students,
  title={{The Students' Rebellion in Chile: Occupy Protest or Classic Social Movement?}},
  author={Guzman-Concha, Cesar},
  journal={Social Movement Studies},
  volume={11},
  number={3-4},
  pages={408--415},
  year={2012},
  publisher={Taylor \& Francis}
}

@article{huneeus2016oposicion,
  title={{La Oposici{\'o}n en el Autoritarismo. El Caso del Partido Dem{\'o}crata Cristiano durante el R{\'e}gimen del General Pinochet en Chile}},
  author={Huneeus, Carlos},
  journal={Revista Mexicana de Ciencias Pol{\'\i}ticas y Sociales},
  volume={61},
  number={227},
  pages={247--271},
  year={2016},
  publisher={UNAM, Facultad de Ciencias Pol{\'\i}ticas y Sociales, Divisi{\'o}n de Estudios de Posgrado}
}

@article{lall2016multiple,
  title={{How Multiple Imputation Makes a Difference}},
  author={Lall, Ranjit},
  journal={Political Analysis},
  volume={24},
  number={4},
  pages={414--433},
  year={2016},
  publisher={Oxford University Press}
}

@article{rubin1976inference,
  title={{Inference and Missing Data}},
  author={Rubin, Donald B},
  journal={Biometrika},
  volume={63},
  number={3},
  pages={581--592},
  year={1976},
  publisher={Oxford University Press}
}

@book{little2014statistical,
  title={{Statistical Analysis with Missing Data}},
  author={Little, Roderick JA and Rubin, Donald B},
  year={2014},
  publisher={Hoboken: John Wiley \& Sons}
}

@article{heitjan1996distinguishing,
  title={{Distinguishing ``Missing at Random'' and ``Missing Completely at Random''}},
  author={Heitjan, Daniel F and Basu, Srabashi},
  journal={The American Statistician},
  volume={50},
  number={3},
  pages={207--213},
  year={1996},
  publisher={Taylor \& Francis}
}

@article{esperanza2007casi,
  title={{Casi La Verdad: Silencios y Secretos en la Posdictadura del General Augusto Pinochet en Chile}},
  author={Esperanza, Marcia},
  journal={Ant{\'\i}poda. Revista de Antropolog{\'\i}a y Arqueolog{\'\i}a},
  number={5},
  pages={121--141},
  year={2007}
}

@article{peris2008contradicciones,
  title={{Contradicciones del Testimonio: Pol{\'\i}ticas de Memoria y Ret{\'o}ricas de la Violencia en Chile Postdictatorial}},
  author={Blanes, Jaume Peris},
  number={28},
  journal={Pasajes},
  pages={71-81},
  year={2008}
}

@article{aguero2002militares,
  title={{Militares, Estado y Sociedad en Chile: Mirando el Futuro desde la Comparacio{\'o}n Hist{\'o}rica}},
  author={Ag{\"u}ero, Felipe},
  journal={Revista de Ciencia Pol{\'i}tica},
  volume={22},
  number={1},
  pages={39--65},
  year={2002}
}

@article{tomuschat2001clarification,
  title={{Clarification Commission in Guatemala}},
  author={Tomuschat, Christian},
  journal={Human Rights Quarterly},
  volume={23},
  number={2},
  pages={233--258},
  year={2001},
  publisher={The Johns Hopkins University Press}
}

@article{quinn2003lessons,
  title={{Lessons Learned: Practical Lessons Gleaned from Inside the Truth Commissions of Guatemala and South Africa}},
  author={Quinn, Joanna R and Freeman, Mark},
  journal={Human Rights Quarterly},
  volume={25},
  number={4},
  pages={1117--1149},
  year={2003},
  publisher={The Johns Hopkins University Press}
}

@article{quinn2001dealing,
  title={{Dealing with a Legacy of Mass Atrocity: Truth Commissions in Uganda and Chile}},
  author={Quinn, Joanna R},
  journal={Netherlands Quarterly of Human Rights},
  volume={19},
  number={4},
  pages={383--402},
  year={2001},
  publisher={SAGE Publications Sage UK: London, England}
}

@article{chapman2001truth,
  title={{The Truth of Truth Commissions: Comparative Lessons from Haiti, South Africa, and Guatemala}},
  author={Chapman, Audrey R and Ball, Patrick},
  journal={Human Rights Quarterly},
  volume={23},
  number={1},
  pages={1--43},
  year={2001},
  publisher={The Johns Hopkins University Press}
}

@article{landman2004measuring,
  title={{Measuring Human Rights: Principle, Practice and Policy}},
  author={Landman, Todd},
  journal={Human Rights Quarterly},
  volume={26},
  number={4},
  pages={906--931},
  year={2004},
  publisher={The Johns Hopkins University Press}
}

@article{cook2017two,
  title={{Two Wrongs Make a Right: Addressing Underreporting in Binary Data from Multiple Sources}},
  author={Cook, Scott J and Blas, Betsabe and Carroll, Raymond J and Sinha, Samiran},
  journal={Political Analysis},
  volume={25},
  number={2},
  pages={223--240},
  year={2017},
  publisher={Cambridge University Press}
}

@article{brysk1994politics,
  title={{The Politics of Measurement: The Contested Count of the Disappeared in Argentina}},
  author={Brysk, Alison},
  journal={Human Rights Quarterly},
  volume={16},
  pages={676},
  year={1994},
  publisher={HeinOnline}
}

@incollection{poe2004decision,
  author      = "Steven Poe",
  title       = {{The Decision to Repress: An Integrative Theoretical
Approach to the Research on Human Rights and Repression}},
  editor      = "S. Carey and S. Poe",
  booktitle   = "Understanding Human Rights Violations: New Systematic
Studies",
  publisher   = "Ashgate",
  address     = "Aldershott",
  year        = 2004,
  pages       = "16--42",
}

@article{tepperman2002truth,
  title={{Truth and Consequences}},
  author={Tepperman, Jonathan D},
  journal={Foreign Affairs},
  pages={128--145},
  volume={81},
  issue={2},
  year={2002},
  publisher={JSTOR}
}

@book{stern2010reckoning,
  title={{Reckoning with Pinochet: The Memory Question in Democratic Chile, 1989--2006}},
  author={Stern, Steve J},
  year={2010},
  publisher={Durham: Duke University Press}
}

@book{verdugo2001chile,
  title={{Chile, Pinochet, and the Caravan of Death}},
  author={Verdugo, Patricia},
  year={2001},
  publisher={Boulder: Lynne Rienner Publishers}
}

@article{pion2004pinochet,
  title={{The Pinochet Case and Human Rights Progress in Chile: Was Europe a Catalyst, Cause or Inconsequential?}},
  author={Pion-Berlin, David},
  journal={Journal of Latin American Studies},
  volume={36},
  number={3},
  pages={479--505},
  year={2004},
  publisher={Cambridge University Press}
}

@article{aguilar2002disappeared,
  title={{The Disappeared and the Mesa de Di{\'a}logo in Chile 1999--2001: Searching for Those Who Never Grew Old}},
  author={Aguilar, Mario I},
  journal={Bulletin of Latin American Research},
  volume={21},
  number={3},
  pages={413--424},
  year={2002},
  publisher={Wiley Online Library}
}

@article{davis1990they,
  title={{They Dance Alone: Deaths and the Disappeared in Contemporary Chile}},
  author={Davis, David R and Ward, Michael D},
  journal={Journal of Conflict Resolution},
  volume={34},
  number={3},
  pages={449--475},
  year={1990},
  publisher={Sage Publications 2455 Teller Road, Newbury Park, CA 91320}
}

@misc{brahm2005beyond,
  author = {Brahm, Eric},
  title = {{The Chilean Truth and Reconciliation Commission}},
  year = {2005},
  howpublished = {\url{https://www.beyondintractability.org/casestudy/brahm-chilean}},
  note = {Access: 2019-03-30}
}

@misc{bbc2016argentina,
  author = {{BBC Brazil}},
  title = {{Como Ossos de Desaparecidos Ajudam a Recontar a História da Ditadura Argentina}},
  year = {2016},
  howpublished = {\url{http://www.bbc.com/portuguese/internacional-37624117}},
  note = {Access: 2017-08-08}
}

@misc{elpais2016argentina,
  author = {{El País}},
  title = {{Polêmica na Argentina pelos Dados sobre Desaparecidos na Ditadura}},
  year = {2016},
  howpublished = {\url{https://brasil.elpais.com/brasil/2016/01/27/internacional/1453931104_458651.html}},
  note = {Access: 2017-08-08}
}

@misc{clarin2016argentina,
  author = {{Clarín}},
  title = {{El Número de Desaparecidos: La Verdad no Aumenta la Grieta}},
  year = {2016},
  howpublished = {\url{http://www.si.clarin.com.ar/politica/desaparecidos-derechos_humanos-estela_de_carlotto-dario_loperfido_0_r1erR6uPXl.html}},
  note = {Access: 2017-08-08}
}

@misc{clarin2012videla,
  author = {{Clarín}},
  title = {{Videla Admitió que la Dictadura Asesinó a `7 u 8 Mil Personas'}},
  year = {2012},
  howpublished = {\url{http://www.si.clarin.com.ar/politica/videla-admitio-dictadura-asesino-personas_0_Byk_DEr2DXg.html}},
  note = {Access: 2017-08-08}
}

@misc{agenciabrasil2014ditadura,
  author = {{Agência Brasil}},
  title = {{Comissão Reconhece 434 Mortes e Desaparecimentos Durante Ditadura Militar}},
  year = {2014},
  howpublished = {\url{http://agenciabrasil.ebc.com.br/direitos-humanos/noticia/2014-12/comissao-reconhece-mais-de-200-desaparecidos-politicos-durante}},
  note = {Access: 2017-08-08}
}

@misc{fsp2014ditadura,
  author = {{Folha de São Paulo}},
  title = {{Veja a Lista de Mortos e Desaparecidos do Regime Militar}},
  year = {2014},
  howpublished = {\url{http://www1.folha.uol.com.br/poder/2014/12/1560655-veja-a-lista-de-mortos-e-desaparecidos-do-regime-militar.shtml}},
  note = {Access: 2017-08-08}
}

@misc{elpais2014ditadura,
  author = {{El País}},
  title = {{Comissão Identifica 421 Mortos e Desaparecidos Durante a Ditadura}},
  year = {2014},
  howpublished = {\url{https://brasil.elpais.com/brasil/2014/11/13/politica/1415898466_812379.html}},
  note = {Access: 2017-08-08}
}

@misc{fsp2016argentina,
  author = {{Folha de São Paulo}},
  title = {{Argentina Ainda Discute Quantas Foram as Vítimas da Última Ditadura Militar}},
  year = {2016},
  howpublished = {\url{http://www1.folha.uol.com.br/mundo/2016/02/1735938-argentina-ainda-discute-quantas-foram-as-vitimas-da-ultima-ditadura-militar.shtml}},
  note = {Access: 2017-08-08}
}

@misc{cvj2008paraguay,
  author = {{Comisión de Verdad y Justicia del Paraguay}},
  title = {{Informe Final}},
  year = {2008},
  howpublished = {\url{https://goo.gl/z5cgpp}},
  note = {Access: 2017-08-08}
}

@article{valdivia2003terrorism,
  title={{Terrorism and Political Violence During the Pinochet Years: Chile, 1973-1989}},
  author={Ver{\'o}nica Valdivia},
  journal={Radical History Review},
  volume={85},
  number={1},
  pages={182--190},
  year={2003},
  publisher={Duke University Press}
}

@article{cummings2015democracy,
  title={{Democracy and Student Discontent: Chilean Student Protest in the Post-Pinochet Era}},
  author={Cummings, Peter MM},
  journal={Journal of Politics in Latin America},
  volume={7},
  number={3},
  pages={49--84},
  year={2015}
}

@misc{guardian2015burningalive,
  author = {{The Guardian}},
  title = {{Chilean Dictator Pinochet Covered up 1986 Burning of Activists, Report Shows}},
  year = {2015},
  howpublished = {\url{https://www.theguardian.com/world/2015/jul/31/augusto-pinochet-chile-1986-burning-activists-cover-up}},
  note = {Access: 2017-08-13}
}

@misc{nsa2016bombing,
  author = {{National Security Archive}},
  title = {{CIA: ``Pinochet personally ordered'' Letelier bombing}},
  year = {2016},
  howpublished = {\url{https://goo.gl/pqTd5f}},
  note = {Access: 2017-08-13}
}

@book{de1985explosion,
  title={{La Explosi{\'o}n de las Mayor{\'\i}as: Protesta Nacional, 1983--1984}},
  author={De la Maza, Gonzalo and Garc{\'e}s, Mario},
  year={1985},
  publisher={Salamanca: Educaci{\'o}n y Comunicaciones}
}

@book{weinstein1989jovenes,
  title={{Los J{\'o}venes Pobladores en las Protestas Nacionales (1983--1984): Una Visi{\'o}n Sociopol{\'\i}tica}},
  author={Weinstein, Jos{\'e}},
  year={1989},
  publisher={Monterey: Centro de Investigaci{\'o}n y Desarrollo de la Educaci{\'o}n}
}

@article{tironi1986revuelta,
  title={{La Revuelta de los Pobladores: Integraci{\'o}n Social y Democracia}},
  author={Tironi, Eugenio},
  journal={Nueva Sociedad},
  volume={83},
  pages={24--32},
  year={1986}
}

@article{agosin1987generals,
  title={{The Generals' Bonfires: The Death of Rodrigo Rojas in Chile}},
  author={Agosin, Marjorie},
  journal={Human Rights Quarterly},
  volume={9},
  pages={423},
  year={1987},
  publisher={HeinOnline}
}

@article{quiroga2008primera,
  title={{La Primera Mujer Presidenta de Chile:? Qu{\'e} Explic{\'o} el Triunfo de Michelle Bachelet en las Elecciones de 2005--2006?}},
  author={Quiroga, Mauricio Morales},
  journal={Latin American Research Review},
  volume={43},
  number={1},
  pages={7--32},
  year={2008},
  publisher={Latin American Studies Association}
}

@article{baesa2011reconstruccion,
  title={{La Reconstrucci{\'o}n de la Memoria en La Hija del General}},
  author={Duffy, Patricia Baesa},
  journal={Revista Austral de Ciencias Sociales},
  number={21},
  pages={41--68},
  year={2011}
}

@misc{carmona2013lataste,
  author = {Carmona, Ernesto},
  title = {{Procesan a Oficial de Ejército que en 1973 Asesinó a Otro Militar}},
  year = {2013},
  howpublished = {\url{http://www.alainet.org/es/active/68868}},
  note = {Access: 2017-08-13}
}

@book{un1976yearbook,
  title={{Demographic Yearbook}},
  author={{United Nations}},
  year={1976},
  publisher={New York: United Nations}
}

@article{roht2000pinochet,
  title={{The Pinochet Precedent and Universal Jurisdiction}},
  author={Roht-Arriaza, Naomi},
  journal={New England Law Review},
  volume={35},
  pages={311--319},
  year={2000},
  publisher={HeinOnline}
}

@book{dinges2005condor,
  title={{The Condor Years: How Pinochet and His Allies Brought Terrorism to Three Continents}},
  author={Dinges, John},
  year={2005},
  publisher={New York: The New Press}
}

@book{mcsherry2012predatory,
  title={{Predatory States: Operation Condor and Covert War in Latin America}},
  author={McSherry, J Patrice},
  year={2012},
  publisher={Lanham: Rowman \& Littlefield Publishers}
}

@article{mcsherry2002tracking,
  title={{Tracking the Origins of a State Terror Network: Operation Condor}},
  author={McSherry, J Patrice},
  journal={Latin American Perspectives},
  volume={29},
  number={1},
  pages={38--60},
  year={2002},
  publisher={Sage Publications Sage CA: Thousand Oaks, CA}
}

@article{slack1996operation,
  title={{Operation Condor and Human Rights: A Report from Paraguay's Archive of Terror}},
  author={Slack, Keith M},
  journal={Human Rights Quarterly},
  volume={18},
  number={2},
  pages={492--506},
  year={1996},
  publisher={The Johns Hopkins University Press}
}

@article{wilson1999prosecuting,
  title={{Prosecuting Pinochet: International Crimes in Spanish Domestic Law}},
  author={Wilson, Richard J},
  journal={Human Rights Quarterly},
  volume={21},
  number={4},
  pages={927--979},
  year={1999},
  publisher={The Johns Hopkins University Press}
}

@article{wright2007chilean,
  title={{Chilean Political Exile}},
  author={Wright, Thomas C and Z{\'u}{\~n}iga, Rody O{\~n}ate},
  journal={Latin American Perspectives},
  volume={34},
  number={4},
  pages={31--49},
  year={2007},
  publisher={Sage Publications Sage CA: Los Angeles, CA}
}

@book{agosin2008tapestries,
  title={{Tapestries of Hope, Threads of Love: The \em{Arpillera} Movement in Chile}},
  author={Agos{\'\i}n, Marjorie},
  year={2008},
  publisher={Lanham: Rowman \& Littlefield}
}

@article{loveman1986military,
  title={{Military Dictatorship and Political Opposition in Chile, 1973--1986}},
  author={Loveman, Brian},
  journal={Journal of Interamerican Studies and World Affairs},
  volume={28},
  number={4},
  pages={1--38},
  year={1986},
  publisher={Cambridge University Press}
}

@book{freed1980death,
  title={{Death in Washington: The Murder of Orlando Letelier}},
  author={Freed, Donald and Landis, Fred Simon},
  year={1980},
  publisher={Chicago: Lawrence Hill Books}
}

@book{kornbluh2004pinochet,
  title={{The Pinochet File: A Declassified Dossier on Atrocity and Accountability}},
  author={Kornbluh, Peter},
  year={2004},
  publisher={New York: The New Press}
}

@article{karstedt2006democracy,
  title={Democracy, crime, and justice},
  author={Karstedt, Susanne and LaFree, Gary},
  journal={{The Annals of the American Academy of Political and Social Science}},
  volume={605},
  number={1},
  pages={6--23},
  year={2006},
  publisher={Sage Publications Sage CA: Thousand Oaks, CA}
}

@article{frantz2018legacy,
  title={{The Legacy of Military Dictatorship: Explaining Violent Crime in Democracies}},
  author={Frantz, Erica},
  journal={International Political Science Review},
  pages={1--15},
  year={2018},
  publisher={SAGE Publications Sage UK: London, England}
}

@article{wickham2014tidy,
  	title={Tidy data},
    author={Wickham, Hadley},
	journal={Journal of Statistical Software},
	volume={59},
	number={10},
	pages={1--23},
	year={2014},
	publisher={Foundation for Open Access Statistics}
}

@article{ball2019using,
  title={{Using Statistics to Assess Lethal Violence in Civil and Inter-State War}},
  author={Ball, Patrick and Price, Megan},
  journal={{Annual Review of Statistics and Its Application}},
  year={2019},
  volume={6},
  pages={63--84},
  publisher={Annual Reviews}
}
 
@article{brahm2007uncovering,
  title={{Uncovering the Truth: Examining Truth Commission Success and Impact}},
  author={Brahm, Eric},
  journal={International Studies Perspectives},
  volume={8},
  number={1},
  pages={16--35},
  year={2007},
  publisher={Wiley Online Library}
}

@article{mcsherry2015victor,
  title={{The V{\'\i}ctor Jara Case and the Long Struggle against Impunity in Chile}},
  author={McSherry, J Patrice},
  journal={Social Justice},
  volume={41},
  number={3},
  pages={52--68},
  year={2015},
  publisher={JSTOR}
}

@book{rettig1991report,
  title={{Report of the Chilean National Commission on Truth and Reconciliation}},
  author={{National Commission on Truth and Reconciliation}},
  year={2004},
  publisher={Santiago: Secretariat of Communication and Culture, Government General Secretariat Ministry}
}

@book{valech2004report,
  title={{The National Commission on Political Imprisonment and Torture Report}},
  author={{National Commission on Political Imprisonment and Torture}},
  year={2004},
  publisher={Santiago: Ministry of Interior}
}

@book{schlotterbeck2018beyond,
  title={Beyond the Vanguard: Everyday Revolutionaries in Allende's Chile},
  author={Schlotterbeck, Marian E},
  year={2018},
  publisher={Berkeley, CA: University of California Press}
}

@article{weissbrodt1992report,
  title={{Report of the Chilean National Commission on Truth and Reconciliation}},
  author={Weissbrodt, David and Fraser, Paul W},
  journal={Human Rights Quarterly},
  volume={14},
  number={4},
  pages={601--622},
  year={1992},
  publisher={Johns Hopkins University Press}
}

@article{bakiner2009denial,
  title={{From Denial to Reluctant Dialogue: The Chilean Military's Confrontation with Human Rights (1990--2006)}},
  author={Bakiner, Onur},
  journal={International Journal of Transitional Justice},
  volume={4},
  number={1},
  pages={47--66},
  year={2009},
  publisher={Oxford University Press}
}
@article{popkin1995truth,
  title={{Truth as Justice: Investigatory Commissions in Latin America}},
  author={Popkin, Margaret and Roht-Arriaza, Naomi},
  journal={Law \& Social Inquiry},
  volume={20},
  number={1},
  pages={79--116},
  year={1995},
  publisher={Cambridge University Press}
}

@article{vasallo2002truth,
  title={{Truth and Reconciliation Commissions: General Considerations and a Critical Comparison of the Commissions of Chile and El Salvador}},
  author={Vasallo, Mark},
  journal={University of Miami Inter-American Law Review},
  volume={33},
  number={1},
  pages={153--182},
  year={2002},
  publisher={HeinOnline}
}

@misc{freire2019pinochet,
    title = {pinochet: Packages data about the victims of the Pinochet regime},
    author = {Danilo Freire and Lucas Mingardi and Robert McDonnell},
    year = {2019},
    note = {R package version 0.1.0},
    howpublished = {\url{http://github.com/danilofreire/pinochet}}
}

@misc{freire2019dataset,
  title={{Deaths and Disappearances in the Pinochet Regime: A New Dataset}},
  howpublished = {\url{https://osf.io/vqnwu}},
  publisher={Open Science Framework},
  author={Freire, Danilo and Meadowcroft, John and Skarbek, David and Guerrero, Eugenia},
  year={2019},
  month={May}
}
